% \begin{itemize}
% \item{, }
% \item, }
% \item{, A. Toshic1, A. Ilic1, B. Radovanovic1, M. Stojic1evic1, M. Todorovic1}

% \end{itemize}
@BOOK{ SM,
    AUTHOR = {profesor Sasha Malkov},
    TITLE = {Materijali sa chasova predavanja kursa Informacioni sistemi},
    YEAR = 2022
    
}

@BOOK{DM,
    AUTHOR = {asistent Dara Milojkovic1},
    TITLE = {Materijali sa chasova vez1bi kursa Informacioni sistemi},
    YEAR = 2022
}

@ARTICLE{Bibl,
    TITLE = {Informacioni sistem biblioteke, projektni rad iz predmeta Informacioni sistemi},
    AUTHOR = {A. Toshic1 and A. Ilic1 and B. Radovanovic1 and M. Stojic1evic1 and M. Todorovic1},
    YEAR = 2010
    }